<collection xmlns="http://www.loc.gov/MARC21/slim">
<record>
  <leader>01489nam0a2200301 i 450 </leader>
  <controlfield tag="001">IT\ICCU\CNCE\058026</controlfield>
  <controlfield tag="005">20120424000000.0</controlfield>
  <datafield tag="012" ind1=" " ind2=" ">
    <subfield code="a">t.um ret. uiti EtFu (3) 1539 (R)</subfield>
    <subfield code="2">fei</subfield>
  </datafield>
  <datafield tag="100" ind1=" " ind2=" ">
    <subfield code="a">20040506d1539        0itac0103    ba</subfield>
  </datafield>
  <datafield tag="101" ind1=" " ind2=" ">
    <subfield code="a">LAT</subfield>
  </datafield>
  <datafield tag="102" ind1=" " ind2=" ">
    <subfield code="a">IT</subfield>
  </datafield>
  <datafield tag="200" ind1="1" ind2=" ">
    <subfield code="a">℗Lancini Curtii ℗Syluarum libri decem</subfield>
  </datafield>
  <datafield tag="210" ind1=" " ind2=" ">
    <subfield code="d">1539</subfield>
    <subfield code="e">Mediolani</subfield>
    <subfield code="g">apud Rochum &amp; Ambrosium fratres de Valle impressores</subfield>
    <subfield code="g">Philippus Foyot faciebat</subfield>
    <subfield code="h">1539</subfield>
  </datafield>
  <datafield tag="215" ind1=" " ind2=" ">
    <subfield code="a">\4!, 203, \1! c.</subfield>
    <subfield code="d">fol</subfield>
  </datafield>
  <datafield tag="300" ind1=" " ind2=" ">
    <subfield code="a">Riproposizione dell&apos;edizione del 1521 con aggiunta della data sul front. e modifica di quella del coloph</subfield>
  </datafield>
  <datafield tag="620" ind1=" " ind2=" ">
    <subfield code="a">IT</subfield>
    <subfield code="d">Milano</subfield>
  </datafield>
  <datafield tag="700" ind1=" " ind2="1">
    <subfield code="a">Curzio,</subfield>
    <subfield code="b">Lancino</subfield>
    <subfield code="3">IT\ICCU\CNCA\003612</subfield>
  </datafield>
  <datafield tag="712" ind1="0" ind2="0">
    <subfield code="a">Da_Valle, Rocco &amp; Da_Valle, Ambrogio</subfield>
    <subfield code="3">IT\ICCU\CNCT\000316</subfield>
    <subfield code="4">650</subfield>
  </datafield>
  <datafield tag="712" ind1="0" ind2="0">
    <subfield code="a">Foyot, Filippo</subfield>
    <subfield code="3">IT\ICCU\CNCT\001604</subfield>
    <subfield code="4">650</subfield>
  </datafield>
  <datafield tag="790" ind1=" " ind2="1">
    <subfield code="a">Curtius,</subfield>
    <subfield code="b">Lancinus</subfield>
    <subfield code="3">IT\ICCU\CNCA\013916</subfield>
    <subfield code="z">Curzio, Lancino</subfield>
  </datafield>
  <datafield tag="790" ind1=" " ind2="1">
    <subfield code="a">Curte,</subfield>
    <subfield code="b">Lanzinus : de</subfield>
    <subfield code="3">IT\ICCU\CNCA\013919</subfield>
    <subfield code="z">Curzio, Lancino</subfield>
  </datafield>
  <datafield tag="790" ind1=" " ind2="1">
    <subfield code="a">Corte,</subfield>
    <subfield code="b">Lancino : da</subfield>
    <subfield code="3">IT\ICCU\CNCA\013920</subfield>
    <subfield code="z">Curzio, Lancino</subfield>
  </datafield>
  <datafield tag="791" ind1="0" ind2="0">
    <subfield code="a">Da_Valle, Ambrogio</subfield>
    <subfield code="3">IT\ICCU\CNCT\000317</subfield>
    <subfield code="z">Da_Valle, Rocco &amp; Da_Valle, Ambrogio</subfield>
  </datafield>
  <datafield tag="791" ind1="0" ind2="0">
    <subfield code="a">Foyot, Philippus</subfield>
    <subfield code="3">IT\ICCU\CNCT\005686</subfield>
    <subfield code="z">Foyot, Filippo</subfield>
  </datafield>
  <datafield tag="801" ind1=" " ind2="3">
    <subfield code="a">IT</subfield>
    <subfield code="b">ICCU</subfield>
    <subfield code="c">20201115</subfield>
  </datafield>
  <datafield tag="899" ind1=" " ind2=" ">
    <subfield code="a">Biblioteca nazionale Braidense. Milano</subfield>
    <subfield code="1">MI0185</subfield>
    <subfield code="2">MIL NB</subfield>
  </datafield>
  <datafield tag="911" ind1=" " ind2=" ">
    <subfield code="a">Sul front.</subfield>
    <subfield code="9">IT\ICCU\CNCM\002274</subfield>
  </datafield>
  <datafield tag="921" ind1=" " ind2=" ">
    <subfield code="a">IT\ICCU\CNCM\002274</subfield>
    <subfield code="b">Scandaglio (corda a nodi con un peso a un&apos;estremit)̉.</subfield>
    <subfield code="e">Quid inde</subfield>
    <subfield code="c">K69</subfield>
    <subfield code="d">Dimensioni: 7 x 4,5</subfield>
    <subfield code="f">SCANDAGLIO</subfield>
    <subfield code="f">CORDA</subfield>
    <subfield code="f">PESO</subfield>
    <subfield code="g">1521-1539</subfield>
  </datafield>
</record>
</collection>
